@book{Hume1978,
  added-at = {2013-03-17T19:39:45.000+0100},
  address = {Oxford},
  author = {Hume, David},
  biburl = {https://www.bibsonomy.org/bibtex/27fd4942eed6f4d04de897abab18161ba/david_rowthorn},
  editor = {Selby-Bigge, L.A.},
  interhash = {500095e93ae5a49a1c6c9f4026f13f9b},
  intrahash = {7fd4942eed6f4d04de897abab18161ba},
  keywords = {hume identity memory personal},
  note = {revised P.H. Nidditch},
  origdate = {1739},
  publisher = {Oxford University Press},
  timestamp = {2013-10-14T10:16:38.000+0200},
  title = {A Treatise of Human Nature},
  year = 1978
}

@book{reichenbach1938eap,
  added-at = {2009-10-28T04:42:52.000+0100},
  author = {Reichenbach, H. and Association, American Psychological},
  biburl = {https://www.bibsonomy.org/bibtex/27841adfd3753708db9a8067449dbcbe2/jwbowers},
  date-added = {2009-05-18 09:37:43 -0500},
  date-modified = {2009-05-18 09:37:43 -0500},
  interhash = {acf89eab7e9334db15911b5945dc308d},
  intrahash = {7841adfd3753708db9a8067449dbcbe2},
  keywords = {imported},
  publisher = {University of Chicago Press Chicago, IL},
  timestamp = {2009-10-28T04:42:55.000+0100},
  title = {{Experience and prediction: An analysis of the foundations and the structure of knowledge}},
  year = 1938
}

@misc{wiki:mathematical-induction,
  author = "{Wikipedia contributors}",
  title = "Mathematical induction --- {W}ikipedia{,} The Free Encyclopedia",
  year = "2021",
  url = "https://en.wikipedia.org/w/index.php?title=Mathematical_induction&oldid=1050193043",
  note = "[Online; accessed 21st October 2021]"
}

@misc{wiki:inductive-reasoning,
  author = "{Wikipedia contributors}",
  title = "Inductive reasoning --- {W}ikipedia{,} The Free Encyclopedia",
  year = "2021",
  url = "https://en.wikipedia.org/w/index.php?title=Inductive_reasoning&oldid=1048105028",
  note = "[Online; accessed 21st October 2021]"
}
